<record><leader>00000cas a22000007a 4500</leader><controlfield tag="001">21792706</controlfield><controlfield tag="008">900612d188319uumauwr ne      0    0eng d</controlfield><datafield ind1=" " ind2=" " tag="010"><subfield code="a">sn 89062372 </subfield></datafield><datafield ind1=" " ind2=" " tag="040"><subfield code="a">MGN</subfield><subfield code="b">eng</subfield><subfield code="c">MGN</subfield><subfield code="d">OCLCQ</subfield></datafield><datafield ind1=" " ind2=" " tag="042"><subfield code="a">msc</subfield></datafield><datafield ind1="0" ind2="4" tag="245"><subfield code="a">The Methuen transcript.</subfield></datafield><datafield ind1="1" ind2="3" tag="246"><subfield code="a">Methuen transcript and Essex farmer</subfield></datafield><datafield ind1=" " ind2=" " tag="260"><subfield code="a">Methuen, Mass. :</subfield><subfield code="b">Chas. E. Trow &amp; Co.</subfield></datafield><datafield ind1=" " ind2=" " tag="300"><subfield code="a">v.</subfield></datafield><datafield ind1=" " ind2=" " tag="310"><subfield code="a">Weekly</subfield></datafield><datafield ind1="0" ind2=" " tag="362"><subfield code="a">Vol. 8, no. 28 (July 7, 1883)-</subfield></datafield><datafield ind1=" " ind2=" " tag="752"><subfield code="a">United States</subfield><subfield code="b">Massachusetts</subfield><subfield code="c">Essex</subfield><subfield code="d">Methuen.</subfield></datafield><datafield ind1="0" ind2="0" tag="780"><subfield code="t">Methuen transcript and Essex farmer</subfield><subfield code="w">(DLC)sn 86071637</subfield></datafield></record>